@comment{
% SPDX-License-Identifier: AGPL-3.0-or-later
% SPDX-FileCopyrightText: University of Washington <https://www.washington.edu>
% SPDX-FileContributor: 2014-22 Bradley M. Bell
% ----------------------------------------------------------------------------
}
@article{Royle2004,
   title= {
      N-Mixture Models for Estimating Population Size from
      Spatially Replicated Counts
   },
   author={Andrew J. Royle},
   journal={Biometrics},
   year={2004},
   volume={60},
   pages={108-115}
}

@manual{BellCppADMixed,
   title={cppad\_mixed: {L}aplace Approximation of Mixed Effects Models},
   author={Bradley M. Bell},
   organization={
      IHME: Institute for Health Metrics and Evaluation,
      University of Washington
   },
   address={http://moby.ihme.washington.edu/bradbell/cppad\_mixed/},
   year={2016}
}

@article{Kristensen2016,
   title = {{TMB}: Automatic Differentiation and {L}aplace Approximation},
   author = {
      Kasper Kristensen and
      Anders Nielsen and
      Casper W. Berg and
      Hans Skaug and
      Bradley M. Bell
   },
   journal = {Journal of Statistical Software},
   year = {2016},
   volume = {70},
   pages = {1--21},
}
